<record><leader>00000cas a22000007a 4500</leader><controlfield tag="001">13364252</controlfield><controlfield tag="008">860331d19411982inuwr ne      0    0eng d</controlfield><datafield ind1=" " ind2=" " tag="010"><subfield code="a">sn 86058415 </subfield></datafield><datafield ind1=" " ind2=" " tag="040"><subfield code="a">NPI</subfield><subfield code="b">eng</subfield><subfield code="c">NPI</subfield><subfield code="d">OCLCQ</subfield></datafield><datafield ind1=" " ind2=" " tag="042"><subfield code="a">msc</subfield></datafield><datafield ind1="0" ind2="4" tag="245"><subfield code="a">The Summitville sun.</subfield></datafield><datafield ind1=" " ind2=" " tag="260"><subfield code="a">Summitville, Madison County, Ind. :</subfield><subfield code="b">Wesley Grahl</subfield></datafield><datafield ind1=" " ind2=" " tag="300"><subfield code="a">v. :</subfield><subfield code="b">ill. ;</subfield><subfield code="c">58 cm.</subfield></datafield><datafield ind1=" " ind2=" " tag="310"><subfield code="a">Weekly</subfield></datafield><datafield ind1="1" ind2=" " tag="362"><subfield code="a">Began in early 1941; ceased in Dec. 1982.</subfield></datafield><datafield ind1=" " ind2=" " tag="500"><subfield code="a">"A Democrat newspaper."</subfield></datafield><datafield ind1=" " ind2=" " tag="588"><subfield code="a">Description based on: Vol. 2, no. 48 (Jan. 1, 1943).</subfield></datafield><datafield ind1=" " ind2=" " tag="752"><subfield code="a">United States</subfield><subfield code="b">Indiana</subfield><subfield code="c">Madison</subfield><subfield code="d">Summitville.</subfield></datafield><datafield ind1="0" ind2="7" tag="785"><subfield code="t">Fairmount news (Fairmont, Ind.)</subfield><subfield code="w">(DLC)sn 87055000</subfield></datafield><datafield ind1="0" ind2="7" tag="785"><subfield code="t">News-sun (Fairmount, Ind.)</subfield><subfield code="w">(DLC)sn 87055001</subfield></datafield></record>